<record><recordSchema>MARC21-xml</recordSchema><recordPacking>xml</recordPacking><recordData><record xmlns="http://www.loc.gov/MARC21/slim" type="Bibliographic">
    <leader>00000nam a2200000 c 4500</leader>
    <controlfield tag="001">973027010</controlfield>
    <controlfield tag="003">DE-101</controlfield>
    <controlfield tag="005">20210827162408.0</controlfield>
    <controlfield tag="007">tu</controlfield>
    <controlfield tag="008">041202s2004    gw ||||| |||| 00||||ger  </controlfield>
    <datafield tag="015" ind1=" " ind2=" ">
      <subfield code="a">05,B08,0779</subfield>
      <subfield code="2">dnb</subfield>
    </datafield>
    <datafield tag="016" ind1="7" ind2=" ">
      <subfield code="2">DE-101</subfield>
      <subfield code="a">973027010</subfield>
    </datafield>
    <datafield tag="020" ind1=" " ind2=" ">
      <subfield code="a">9783925212604</subfield>
      <subfield code="c">Pp. : EUR 18.00</subfield>
      <subfield code="9">978-3-925212-60-4</subfield>
    </datafield>
    <datafield tag="020" ind1=" " ind2=" ">
      <subfield code="a">3925212604</subfield>
      <subfield code="c">Pp. : EUR 18.00</subfield>
      <subfield code="9">3-925212-60-4</subfield>
    </datafield>
    <datafield tag="024" ind1="3" ind2=" ">
      <subfield code="a">9783925212604</subfield>
    </datafield>
    <datafield tag="035" ind1=" " ind2=" ">
      <subfield code="a">(DE-599)DNB973027010</subfield>
    </datafield>
    <datafield tag="035" ind1=" " ind2=" ">
      <subfield code="a">(OCoLC)254169694</subfield>
    </datafield>
    <datafield tag="040" ind1=" " ind2=" ">
      <subfield code="a">1245</subfield>
      <subfield code="b">ger</subfield>
      <subfield code="c">DE-101</subfield>
      <subfield code="d">9999</subfield>
    </datafield>
    <datafield tag="041" ind1=" " ind2=" ">
      <subfield code="a">ger</subfield>
    </datafield>
    <datafield tag="044" ind1=" " ind2=" ">
      <subfield code="c">XA-DE-BW</subfield>
    </datafield>
    <datafield tag="082" ind1="7" ind2="4">
      <subfield code="8">2\p</subfield>
      <subfield code="a">740</subfield>
      <subfield code="q">DE-101</subfield>
      <subfield code="2">22sdnb</subfield>
    </datafield>
    <datafield tag="090" ind1=" " ind2=" ">
      <subfield code="a">b</subfield>
    </datafield>
    <datafield tag="245" ind1="0" ind2="0">
      <subfield code="a">Camill Leberer</subfield>
      <subfield code="b">Zeichnungen : Staatliche Kunsthalle Karlsruhe, 27. November 2004 - 30. Januar 2005 ; Städtische Galerie Villa Zanders, Bergisch Gladbach, 27. Februar - 17. April 2005 ; Sprengel-Museum Hannover, 8. Juni - 3. Oktober 2005</subfield>
      <subfield code="c">[Hrsg. Staatliche Kunsthalle Karlsruhe in Zusammenarbeit mit der Städtischen Galerie Villa Zanders, Bergisch Gladbach, und dem Sprengel-Museum Hannover. Katalogbearb. und Red. Siegmar Holsten und Dorit Schäfer]</subfield>
    </datafield>
    <datafield tag="264" ind1=" " ind2="1">
      <subfield code="a">Karlsruhe</subfield>
      <subfield code="b">Staatliche Kunsthalle</subfield>
      <subfield code="c">2004</subfield>
    </datafield>
    <datafield tag="300" ind1=" " ind2=" ">
      <subfield code="a">143 S.</subfield>
      <subfield code="b">überw. Ill.</subfield>
      <subfield code="c">29 cm, 960 gr.</subfield>
    </datafield>
    <datafield tag="336" ind1=" " ind2=" ">
      <subfield code="a">unbewegtes Bild</subfield>
      <subfield code="b">sti</subfield>
      <subfield code="2">rdacontent</subfield>
    </datafield>
    <datafield tag="337" ind1=" " ind2=" ">
      <subfield code="a">ohne Hilfsmittel zu benutzen</subfield>
      <subfield code="b">n</subfield>
      <subfield code="2">rdamedia</subfield>
    </datafield>
    <datafield tag="338" ind1=" " ind2=" ">
      <subfield code="a">Band</subfield>
      <subfield code="b">nc</subfield>
      <subfield code="2">rdacarrier</subfield>
    </datafield>
    <datafield tag="600" ind1="1" ind2="7">
      <subfield code="0">(DE-588)119068451</subfield>
      <subfield code="0">https://d-nb.info/gnd/119068451</subfield>
      <subfield code="0">(DE-101)119068451</subfield>
      <subfield code="a">Leberer, Camill</subfield>
      <subfield code="d">1953-</subfield>
      <subfield code="9">rswk-swf</subfield>
      <subfield code="2">gnd</subfield>
    </datafield>
    <datafield tag="648" ind1=" " ind2="7">
      <subfield code="a">Geschichte 1992-2004</subfield>
      <subfield code="9">rswk-swf</subfield>
      <subfield code="2">gnd</subfield>
    </datafield>
    <datafield tag="650" ind1=" " ind2="7">
      <subfield code="0">(DE-588)4127900-1</subfield>
      <subfield code="0">https://d-nb.info/gnd/4127900-1</subfield>
      <subfield code="0">(DE-101)04127900X</subfield>
      <subfield code="a">Zeichnung</subfield>
      <subfield code="9">rswk-swf</subfield>
      <subfield code="2">gnd</subfield>
    </datafield>
    <datafield tag="653" ind1=" " ind2=" ">
      <subfield code="a">(VLB-FS)Leberer, Camill</subfield>
    </datafield>
    <datafield tag="653" ind1=" " ind2=" ">
      <subfield code="a">(VLB-FS)Ausstellungskatalog</subfield>
    </datafield>
    <datafield tag="653" ind1=" " ind2=" ">
      <subfield code="a">(VLB-PF)BB: Gebunden</subfield>
    </datafield>
    <datafield tag="655" ind1=" " ind2="7">
      <subfield code="0">(DE-588)4135467-9</subfield>
      <subfield code="0">https://d-nb.info/gnd/4135467-9</subfield>
      <subfield code="0">(DE-101)041354672</subfield>
      <subfield code="a">Ausstellungskatalog</subfield>
      <subfield code="y">2004</subfield>
      <subfield code="z">Karlsruhe</subfield>
      <subfield code="2">gnd-content</subfield>
    </datafield>
    <datafield tag="655" ind1=" " ind2="7">
      <subfield code="a">Ausstellung</subfield>
      <subfield code="z">Karlsruhe &lt;2004></subfield>
      <subfield code="9">rswk-swf</subfield>
      <subfield code="2">gnd</subfield>
    </datafield>
    <datafield tag="689" ind1="0" ind2="0">
      <subfield code="0">(DE-588)119068451</subfield>
      <subfield code="0">https://d-nb.info/gnd/119068451</subfield>
      <subfield code="0">(DE-101)119068451</subfield>
      <subfield code="D">p</subfield>
      <subfield code="a">Leberer, Camill</subfield>
      <subfield code="d">1953-</subfield>
    </datafield>
    <datafield tag="689" ind1="0" ind2="1">
      <subfield code="0">(DE-588)4127900-1</subfield>
      <subfield code="0">https://d-nb.info/gnd/4127900-1</subfield>
      <subfield code="0">(DE-101)04127900X</subfield>
      <subfield code="D">s</subfield>
      <subfield code="a">Zeichnung</subfield>
    </datafield>
    <datafield tag="689" ind1="0" ind2="2">
      <subfield code="A">z</subfield>
      <subfield code="a">Geschichte 1992-2004</subfield>
    </datafield>
    <datafield tag="689" ind1="0" ind2="3">
      <subfield code="A">f</subfield>
      <subfield code="a">Ausstellung</subfield>
    </datafield>
    <datafield tag="689" ind1="0" ind2="4">
      <subfield code="A">g</subfield>
      <subfield code="a">Karlsruhe &lt;2004></subfield>
    </datafield>
    <datafield tag="689" ind1="0" ind2=" ">
      <subfield code="5">DE-101</subfield>
      <subfield code="5">DE-101</subfield>
    </datafield>
    <datafield tag="700" ind1="1" ind2=" ">
      <subfield code="8">1\p</subfield>
      <subfield code="0">(DE-588)105749710X</subfield>
      <subfield code="0">https://d-nb.info/gnd/105749710X</subfield>
      <subfield code="0">(DE-101)105749710X</subfield>
      <subfield code="a">Holsten, Siegmar</subfield>
      <subfield code="d">1945-</subfield>
      <subfield code="e">Mitwirkender</subfield>
      <subfield code="4">ctb</subfield>
      <subfield code="2">gnd</subfield>
    </datafield>
    <datafield tag="700" ind1="1" ind2=" ">
      <subfield code="0">(DE-588)120470608</subfield>
      <subfield code="0">https://d-nb.info/gnd/120470608</subfield>
      <subfield code="0">(DE-101)120470608</subfield>
      <subfield code="a">Schäfer, Dorit</subfield>
      <subfield code="d">1966-</subfield>
      <subfield code="e">Mitwirkender</subfield>
      <subfield code="4">ctb</subfield>
      <subfield code="2">gnd</subfield>
    </datafield>
    <datafield tag="700" ind1="1" ind2=" ">
      <subfield code="0">(DE-588)119068451</subfield>
      <subfield code="0">https://d-nb.info/gnd/119068451</subfield>
      <subfield code="0">(DE-101)119068451</subfield>
      <subfield code="a">Leberer, Camill</subfield>
      <subfield code="d">1953-</subfield>
      <subfield code="e">Illustrator</subfield>
      <subfield code="4">ill</subfield>
      <subfield code="2">gnd</subfield>
    </datafield>
    <datafield tag="710" ind1="2" ind2=" ">
      <subfield code="0">(DE-588)4204664-6</subfield>
      <subfield code="0">https://d-nb.info/gnd/4204664-6</subfield>
      <subfield code="0">(DE-101)042046645</subfield>
      <subfield code="a">Staatliche Kunsthalle Karlsruhe</subfield>
      <subfield code="e">Herausgebendes Organ</subfield>
      <subfield code="4">isb</subfield>
      <subfield code="2">gnd</subfield>
    </datafield>
    <datafield tag="850" ind1=" " ind2=" ">
      <subfield code="a">DE-101a</subfield>
      <subfield code="a">DE-101b</subfield>
    </datafield>
    <datafield tag="856" ind1="4" ind2="2">
      <subfield code="m">V:DE-601</subfield>
      <subfield code="q">application/pdf</subfield>
      <subfield code="u">https://d-nb.info/973027010/04</subfield>
      <subfield code="3">Inhaltsverzeichnis</subfield>
    </datafield>
    <datafield tag="883" ind1=" " ind2=" ">
      <subfield code="8">1\p</subfield>
      <subfield code="a">cgwrk</subfield>
      <subfield code="d">20210314</subfield>
      <subfield code="q">DE-101</subfield>
      <subfield code="u">https://d-nb.info/provenance/plan#cgwrk</subfield>
    </datafield>
    <datafield tag="883" ind1="2" ind2=" ">
      <subfield code="8">2\p</subfield>
      <subfield code="a">dnb</subfield>
      <subfield code="d">20160229</subfield>
      <subfield code="q">DE-101</subfield>
      <subfield code="u">https://d-nb.info/provenance/plan#dnb</subfield>
    </datafield>
    <datafield tag="925" ind1="r" ind2=" ">
      <subfield code="a">rb</subfield>
    </datafield>
  </record></recordData><recordPosition>203</recordPosition></record>