<record><recordSchema>MARC21-xml</recordSchema><recordPacking>xml</recordPacking><recordData><record xmlns="http://www.loc.gov/MARC21/slim" type="Bibliographic">
    <leader>00000pam a2200000 c 4500</leader>
    <controlfield tag="001">967242622</controlfield>
    <controlfield tag="003">DE-101</controlfield>
    <controlfield tag="005">20240717164531.0</controlfield>
    <controlfield tag="007">tu</controlfield>
    <controlfield tag="008">030401s2003    gw ||||| |||| 10||||ger  </controlfield>
    <datafield tag="015" ind1=" " ind2=" ">
      <subfield code="a">03,A29,1460</subfield>
      <subfield code="z">03,N17,1046</subfield>
      <subfield code="2">dnb</subfield>
    </datafield>
    <datafield tag="016" ind1="7" ind2=" ">
      <subfield code="2">DE-101</subfield>
      <subfield code="a">967242622</subfield>
    </datafield>
    <datafield tag="020" ind1=" " ind2=" ">
      <subfield code="a">9783775713535</subfield>
      <subfield code="c">Pp. : EUR 14.80</subfield>
      <subfield code="9">978-3-7757-1353-5</subfield>
    </datafield>
    <datafield tag="020" ind1=" " ind2=" ">
      <subfield code="a">3775713530</subfield>
      <subfield code="c">Pp. : EUR 14.80</subfield>
      <subfield code="9">3-7757-1353-0</subfield>
    </datafield>
    <datafield tag="024" ind1="3" ind2=" ">
      <subfield code="a">9783775713535</subfield>
    </datafield>
    <datafield tag="035" ind1=" " ind2=" ">
      <subfield code="a">(DE-599)DNB967242622</subfield>
    </datafield>
    <datafield tag="035" ind1=" " ind2=" ">
      <subfield code="a">(OCoLC)615299866</subfield>
    </datafield>
    <datafield tag="040" ind1=" " ind2=" ">
      <subfield code="a">1240</subfield>
      <subfield code="b">ger</subfield>
      <subfield code="c">DE-101</subfield>
      <subfield code="d">0292</subfield>
    </datafield>
    <datafield tag="041" ind1=" " ind2=" ">
      <subfield code="a">ger</subfield>
      <subfield code="a">eng</subfield>
      <subfield code="h">spa</subfield>
    </datafield>
    <datafield tag="043" ind1=" " ind2=" ">
      <subfield code="c">XD-AR</subfield>
      <subfield code="c">XA-ES</subfield>
      <subfield code="c">XD-AR</subfield>
    </datafield>
    <datafield tag="044" ind1=" " ind2=" ">
      <subfield code="c">XA-DE-BW</subfield>
    </datafield>
    <datafield tag="084" ind1=" " ind2=" ">
      <subfield code="a">47</subfield>
      <subfield code="a">63</subfield>
      <subfield code="a">16</subfield>
      <subfield code="a">770</subfield>
      <subfield code="q">DE-101</subfield>
      <subfield code="2">sdnb</subfield>
    </datafield>
    <datafield tag="084" ind1=" " ind2=" ">
      <subfield code="a">6.3a</subfield>
      <subfield code="a">13.5p</subfield>
      <subfield code="a">9.3b</subfield>
      <subfield code="a">8.2a</subfield>
      <subfield code="q">DE-101</subfield>
      <subfield code="2">sswd</subfield>
    </datafield>
    <datafield tag="090" ind1=" " ind2=" ">
      <subfield code="a">b</subfield>
    </datafield>
    <datafield tag="245" ind1="0" ind2="0">
      <subfield code="a">Buena memoria</subfield>
      <subfield code="b">ein fotografischer Essay von Marcelo Brodsky ; [anlässlich der Ausstellung Marcelo Brodsky - Buena Memoria, 7. Mai bis 31. August 2003 Sprengel-Museum Hannover, September - Oktober 2003 Haus der Fotografie, Prag, März - April 2004 Photofusion, London] = Good memory</subfield>
      <subfield code="c">mit Texten von Martín Caparrós ; José Pablo Feinmann ; Juan Gelman. [Red. Inka Schube. Übers. ins Dt. Siegrid und Matthias Mengeling ...]</subfield>
    </datafield>
    <datafield tag="246" ind1="1" ind2="1">
      <subfield code="a">Good memory</subfield>
    </datafield>
    <datafield tag="264" ind1=" " ind2="1">
      <subfield code="a">Ostfildern-Ruit </subfield>
      <subfield code="b">Hatje Cantz</subfield>
      <subfield code="c">2003</subfield>
    </datafield>
    <datafield tag="300" ind1=" " ind2=" ">
      <subfield code="a">95 S.</subfield>
      <subfield code="b">überw. Ill.</subfield>
      <subfield code="c">17 x 25 cm</subfield>
    </datafield>
    <datafield tag="336" ind1=" " ind2=" ">
      <subfield code="a">unbewegtes Bild</subfield>
      <subfield code="b">sti</subfield>
      <subfield code="2">rdacontent</subfield>
    </datafield>
    <datafield tag="337" ind1=" " ind2=" ">
      <subfield code="a">ohne Hilfsmittel zu benutzen</subfield>
      <subfield code="b">n</subfield>
      <subfield code="2">rdamedia</subfield>
    </datafield>
    <datafield tag="338" ind1=" " ind2=" ">
      <subfield code="a">Band</subfield>
      <subfield code="b">nc</subfield>
      <subfield code="2">rdacarrier</subfield>
    </datafield>
    <datafield tag="500" ind1=" " ind2=" ">
      <subfield code="a">Text dt. und engl.</subfield>
    </datafield>
    <datafield tag="600" ind1="1" ind2="7">
      <subfield code="0">(DE-588)124704484</subfield>
      <subfield code="0">https://d-nb.info/gnd/124704484</subfield>
      <subfield code="0">(DE-101)124704484</subfield>
      <subfield code="a">Brodsky, Marcelo</subfield>
      <subfield code="d">1954-</subfield>
      <subfield code="9">rswk-swf</subfield>
      <subfield code="2">gnd</subfield>
    </datafield>
    <datafield tag="600" ind1="1" ind2="7">
      <subfield code="0">(DE-588)124704484</subfield>
      <subfield code="0">https://d-nb.info/gnd/124704484</subfield>
      <subfield code="0">(DE-101)124704484</subfield>
      <subfield code="a">Brodsky, Marcelo</subfield>
      <subfield code="d">1954-</subfield>
      <subfield code="9">rswk-swf</subfield>
      <subfield code="2">gnd</subfield>
    </datafield>
    <datafield tag="648" ind1=" " ind2="7">
      <subfield code="a">Geschichte 1970-1977</subfield>
      <subfield code="9">rswk-swf</subfield>
      <subfield code="2">gnd</subfield>
    </datafield>
    <datafield tag="650" ind1=" " ind2="7">
      <subfield code="0">(DE-588)4045895-7</subfield>
      <subfield code="0">https://d-nb.info/gnd/4045895-7</subfield>
      <subfield code="0">(DE-101)040458954</subfield>
      <subfield code="a">Fotografie</subfield>
      <subfield code="9">rswk-swf</subfield>
      <subfield code="2">gnd</subfield>
    </datafield>
    <datafield tag="650" ind1=" " ind2="7">
      <subfield code="0">(DE-588)4498171-5</subfield>
      <subfield code="0">https://d-nb.info/gnd/4498171-5</subfield>
      <subfield code="0">(DE-101)953416631</subfield>
      <subfield code="a">Mitschüler</subfield>
      <subfield code="9">rswk-swf</subfield>
      <subfield code="2">gnd</subfield>
    </datafield>
    <datafield tag="650" ind1=" " ind2="7">
      <subfield code="0">(DE-588)4028859-6</subfield>
      <subfield code="0">https://d-nb.info/gnd/4028859-6</subfield>
      <subfield code="0">(DE-101)040288595</subfield>
      <subfield code="a">Jugend</subfield>
      <subfield code="9">rswk-swf</subfield>
      <subfield code="2">gnd</subfield>
    </datafield>
    <datafield tag="650" ind1=" " ind2="7">
      <subfield code="0">(DE-588)4046565-2</subfield>
      <subfield code="0">https://d-nb.info/gnd/4046565-2</subfield>
      <subfield code="0">(DE-101)040465659</subfield>
      <subfield code="a">Politische Verfolgung</subfield>
      <subfield code="9">rswk-swf</subfield>
      <subfield code="2">gnd</subfield>
    </datafield>
    <datafield tag="650" ind1=" " ind2="7">
      <subfield code="0">(DE-588)4327200-9</subfield>
      <subfield code="0">https://d-nb.info/gnd/4327200-9</subfield>
      <subfield code="0">(DE-101)043272002</subfield>
      <subfield code="a">Verschwinden</subfield>
      <subfield code="9">rswk-swf</subfield>
      <subfield code="2">gnd</subfield>
    </datafield>
    <datafield tag="651" ind1=" " ind2="7">
      <subfield code="0">(DE-588)4008756-6</subfield>
      <subfield code="0">https://d-nb.info/gnd/4008756-6</subfield>
      <subfield code="0">(DE-101)040087565</subfield>
      <subfield code="a">Buenos Aires</subfield>
      <subfield code="9">rswk-swf</subfield>
      <subfield code="2">gnd</subfield>
    </datafield>
    <datafield tag="653" ind1=" " ind2=" ">
      <subfield code="a">(VLB-PF)BB: Gebunden</subfield>
    </datafield>
    <datafield tag="655" ind1=" " ind2="7">
      <subfield code="0">(DE-588)4135467-9</subfield>
      <subfield code="0">https://d-nb.info/gnd/4135467-9</subfield>
      <subfield code="0">(DE-101)041354672</subfield>
      <subfield code="a">Ausstellungskatalog</subfield>
      <subfield code="y">2003</subfield>
      <subfield code="z">Hannover</subfield>
      <subfield code="2">gnd-content</subfield>
    </datafield>
    <datafield tag="655" ind1=" " ind2="7">
      <subfield code="0">(DE-588)1071861417</subfield>
      <subfield code="0">https://d-nb.info/gnd/1071861417</subfield>
      <subfield code="0">(DE-101)1071861417</subfield>
      <subfield code="a">Konferenzschrift</subfield>
      <subfield code="2">gnd-content</subfield>
    </datafield>
    <datafield tag="655" ind1=" " ind2="7">
      <subfield code="a">Ausstellung</subfield>
      <subfield code="z">Hannover &lt;2003></subfield>
      <subfield code="9">rswk-swf</subfield>
      <subfield code="2">gnd</subfield>
    </datafield>
    <datafield tag="655" ind1=" " ind2="7">
      <subfield code="a">Ausstellung 2003</subfield>
      <subfield code="9">rswk-swf</subfield>
      <subfield code="2">gnd</subfield>
    </datafield>
    <datafield tag="689" ind1="0" ind2="0">
      <subfield code="0">(DE-588)124704484</subfield>
      <subfield code="0">https://d-nb.info/gnd/124704484</subfield>
      <subfield code="0">(DE-101)124704484</subfield>
      <subfield code="D">p</subfield>
      <subfield code="a">Brodsky, Marcelo</subfield>
      <subfield code="d">1954-</subfield>
    </datafield>
    <datafield tag="689" ind1="0" ind2="1">
      <subfield code="0">(DE-588)4045895-7</subfield>
      <subfield code="0">https://d-nb.info/gnd/4045895-7</subfield>
      <subfield code="0">(DE-101)040458954</subfield>
      <subfield code="D">s</subfield>
      <subfield code="a">Fotografie</subfield>
    </datafield>
    <datafield tag="689" ind1="0" ind2="2">
      <subfield code="0">(DE-588)4498171-5</subfield>
      <subfield code="0">https://d-nb.info/gnd/4498171-5</subfield>
      <subfield code="0">(DE-101)953416631</subfield>
      <subfield code="D">s</subfield>
      <subfield code="a">Mitschüler</subfield>
    </datafield>
    <datafield tag="689" ind1="0" ind2="3">
      <subfield code="0">(DE-588)4008756-6</subfield>
      <subfield code="0">https://d-nb.info/gnd/4008756-6</subfield>
      <subfield code="0">(DE-101)040087565</subfield>
      <subfield code="D">g</subfield>
      <subfield code="a">Buenos Aires</subfield>
    </datafield>
    <datafield tag="689" ind1="0" ind2="4">
      <subfield code="A">f</subfield>
      <subfield code="a">Ausstellung</subfield>
    </datafield>
    <datafield tag="689" ind1="0" ind2="5">
      <subfield code="A">g</subfield>
      <subfield code="a">Hannover &lt;2003></subfield>
    </datafield>
    <datafield tag="689" ind1="0" ind2=" ">
      <subfield code="5">DE-101</subfield>
      <subfield code="5">DE-101</subfield>
    </datafield>
    <datafield tag="689" ind1="1" ind2="0">
      <subfield code="0">(DE-588)124704484</subfield>
      <subfield code="0">https://d-nb.info/gnd/124704484</subfield>
      <subfield code="0">(DE-101)124704484</subfield>
      <subfield code="D">p</subfield>
      <subfield code="a">Brodsky, Marcelo</subfield>
      <subfield code="d">1954-</subfield>
    </datafield>
    <datafield tag="689" ind1="1" ind2="1">
      <subfield code="0">(DE-588)4028859-6</subfield>
      <subfield code="0">https://d-nb.info/gnd/4028859-6</subfield>
      <subfield code="0">(DE-101)040288595</subfield>
      <subfield code="D">s</subfield>
      <subfield code="a">Jugend</subfield>
    </datafield>
    <datafield tag="689" ind1="1" ind2="2">
      <subfield code="0">(DE-588)4046565-2</subfield>
      <subfield code="0">https://d-nb.info/gnd/4046565-2</subfield>
      <subfield code="0">(DE-101)040465659</subfield>
      <subfield code="D">s</subfield>
      <subfield code="a">Politische Verfolgung</subfield>
    </datafield>
    <datafield tag="689" ind1="1" ind2="3">
      <subfield code="0">(DE-588)4327200-9</subfield>
      <subfield code="0">https://d-nb.info/gnd/4327200-9</subfield>
      <subfield code="0">(DE-101)043272002</subfield>
      <subfield code="D">s</subfield>
      <subfield code="a">Verschwinden</subfield>
    </datafield>
    <datafield tag="689" ind1="1" ind2="4">
      <subfield code="A">z</subfield>
      <subfield code="a">Geschichte 1970-1977</subfield>
    </datafield>
    <datafield tag="689" ind1="1" ind2="5">
      <subfield code="A">f</subfield>
      <subfield code="a">Ausstellung 2003</subfield>
    </datafield>
    <datafield tag="689" ind1="1" ind2=" ">
      <subfield code="5">DE-101</subfield>
      <subfield code="5">DE-101</subfield>
    </datafield>
    <datafield tag="700" ind1="1" ind2=" ">
      <subfield code="0">(DE-588)124704468</subfield>
      <subfield code="0">https://d-nb.info/gnd/124704468</subfield>
      <subfield code="0">(DE-101)124704468</subfield>
      <subfield code="a">Caparrós, Martín</subfield>
      <subfield code="d">1957-</subfield>
      <subfield code="e">Mitwirkender</subfield>
      <subfield code="4">ctb</subfield>
      <subfield code="2">gnd</subfield>
    </datafield>
    <datafield tag="700" ind1="1" ind2=" ">
      <subfield code="0">(DE-588)118050559</subfield>
      <subfield code="0">https://d-nb.info/gnd/118050559</subfield>
      <subfield code="0">(DE-101)118050559</subfield>
      <subfield code="a">Feinmann, José Pablo</subfield>
      <subfield code="d">1943-2021</subfield>
      <subfield code="e">Mitwirkender</subfield>
      <subfield code="4">ctb</subfield>
      <subfield code="2">gnd</subfield>
    </datafield>
    <datafield tag="700" ind1="1" ind2=" ">
      <subfield code="0">(DE-588)119048485</subfield>
      <subfield code="0">https://d-nb.info/gnd/119048485</subfield>
      <subfield code="0">(DE-101)119048485</subfield>
      <subfield code="a">Gelman, Juan</subfield>
      <subfield code="d">1930-2014</subfield>
      <subfield code="e">Mitwirkender</subfield>
      <subfield code="4">ctb</subfield>
      <subfield code="2">gnd</subfield>
    </datafield>
    <datafield tag="700" ind1="1" ind2=" ">
      <subfield code="0">(DE-588)112866018</subfield>
      <subfield code="0">https://d-nb.info/gnd/112866018</subfield>
      <subfield code="0">(DE-101)112866018</subfield>
      <subfield code="a">Schube, Inka</subfield>
      <subfield code="d">1961-</subfield>
      <subfield code="e">Herausgeber</subfield>
      <subfield code="4">edt</subfield>
      <subfield code="2">gnd</subfield>
    </datafield>
    <datafield tag="700" ind1="1" ind2=" ">
      <subfield code="0">(DE-588)124704484</subfield>
      <subfield code="0">https://d-nb.info/gnd/124704484</subfield>
      <subfield code="0">(DE-101)124704484</subfield>
      <subfield code="a">Brodsky, Marcelo</subfield>
      <subfield code="d">1954-</subfield>
      <subfield code="e">Illustrator</subfield>
      <subfield code="4">ill</subfield>
      <subfield code="2">gnd</subfield>
    </datafield>
    <datafield tag="710" ind1="2" ind2=" ">
      <subfield code="0">(DE-588)2083948-0</subfield>
      <subfield code="0">https://d-nb.info/gnd/2083948-0</subfield>
      <subfield code="0">(DE-101)007332122</subfield>
      <subfield code="a">Sprengel Museum Hannover</subfield>
      <subfield code="e">Herausgebendes Organ</subfield>
      <subfield code="4">isb</subfield>
      <subfield code="2">gnd</subfield>
    </datafield>
    <datafield tag="711" ind1="2" ind2=" ">
      <subfield code="0">(DE-588)10057209-1</subfield>
      <subfield code="0">https://d-nb.info/gnd/10057209-1</subfield>
      <subfield code="0">(DE-101)967732689</subfield>
      <subfield code="a">Ausstellung Marcelo Brodsky - Buena Memoria</subfield>
      <subfield code="d">2003 - 2004</subfield>
      <subfield code="c">Hannover u.a.</subfield>
      <subfield code="j">Herausgebendes Organ</subfield>
      <subfield code="4">isb</subfield>
      <subfield code="2">gnd</subfield>
    </datafield>
    <datafield tag="850" ind1=" " ind2=" ">
      <subfield code="a">DE-101a</subfield>
      <subfield code="a">DE-101b</subfield>
    </datafield>
    <datafield tag="856" ind1="4" ind2="2">
      <subfield code="m">B:DE-101</subfield>
      <subfield code="q">application/pdf</subfield>
      <subfield code="u">https://d-nb.info/967242622/04</subfield>
      <subfield code="3">Inhaltsverzeichnis</subfield>
    </datafield>
    <datafield tag="925" ind1="r" ind2=" ">
      <subfield code="a">ra</subfield>
    </datafield>
  </record></recordData><recordPosition>216</recordPosition></record>