<record><recordSchema>MARC21-xml</recordSchema><recordPacking>xml</recordPacking><recordData><record xmlns="http://www.loc.gov/MARC21/slim" type="Bibliographic">
    <leader>00000pam a2200000 c 4500</leader>
    <controlfield tag="001">965948730</controlfield>
    <controlfield tag="003">DE-101</controlfield>
    <controlfield tag="005">20240712235027.0</controlfield>
    <controlfield tag="007">tu</controlfield>
    <controlfield tag="008">021217s2003    gw ||||| |||| 00||||eng  </controlfield>
    <datafield tag="015" ind1=" " ind2=" ">
      <subfield code="a">03,A26,1764</subfield>
      <subfield code="z">03,N05,2591</subfield>
      <subfield code="2">dnb</subfield>
    </datafield>
    <datafield tag="016" ind1="7" ind2=" ">
      <subfield code="2">DE-101</subfield>
      <subfield code="a">965948730</subfield>
    </datafield>
    <datafield tag="020" ind1=" " ind2=" ">
      <subfield code="a">9783775712767</subfield>
      <subfield code="c">Pp. : EUR 16.80, sfr 29.00</subfield>
      <subfield code="9">978-3-7757-1276-7</subfield>
    </datafield>
    <datafield tag="020" ind1=" " ind2=" ">
      <subfield code="a">3775712763</subfield>
      <subfield code="c">Pp. : EUR 16.80, sfr 29.00</subfield>
      <subfield code="9">3-7757-1276-3</subfield>
    </datafield>
    <datafield tag="024" ind1="3" ind2=" ">
      <subfield code="a">9783775712767</subfield>
    </datafield>
    <datafield tag="035" ind1=" " ind2=" ">
      <subfield code="a">(DE-599)DNB965948730</subfield>
    </datafield>
    <datafield tag="035" ind1=" " ind2=" ">
      <subfield code="a">(OCoLC)639908193</subfield>
    </datafield>
    <datafield tag="040" ind1=" " ind2=" ">
      <subfield code="a">1240</subfield>
      <subfield code="b">ger</subfield>
      <subfield code="c">DE-101</subfield>
      <subfield code="d">0292</subfield>
    </datafield>
    <datafield tag="041" ind1=" " ind2=" ">
      <subfield code="a">eng</subfield>
    </datafield>
    <datafield tag="043" ind1=" " ind2=" ">
      <subfield code="c">XA-FR</subfield>
      <subfield code="c">XA-DE-NI</subfield>
    </datafield>
    <datafield tag="044" ind1=" " ind2=" ">
      <subfield code="c">XA-DE-BW</subfield>
    </datafield>
    <datafield tag="084" ind1=" " ind2=" ">
      <subfield code="a">46</subfield>
      <subfield code="a">44</subfield>
      <subfield code="a">700</subfield>
      <subfield code="a">730</subfield>
      <subfield code="a">740</subfield>
      <subfield code="a">750</subfield>
      <subfield code="a">760</subfield>
      <subfield code="q">DE-101</subfield>
      <subfield code="2">sdnb</subfield>
    </datafield>
    <datafield tag="084" ind1=" " ind2=" ">
      <subfield code="a">13.2p</subfield>
      <subfield code="a">13.4p</subfield>
      <subfield code="q">DE-101</subfield>
      <subfield code="2">sswd</subfield>
    </datafield>
    <datafield tag="090" ind1=" " ind2=" ">
      <subfield code="a">b</subfield>
    </datafield>
    <datafield tag="245" ind1="0" ind2="0">
      <subfield code="a">Niki de Saint Phalle</subfield>
      <subfield code="b">the grotto</subfield>
      <subfield code="c">[ed.: Landeshauptstadt Hannover, Fachbereich Umwelt und Stadtgrün ; Sprengel-Museum Hannover]</subfield>
    </datafield>
    <datafield tag="264" ind1=" " ind2="1">
      <subfield code="a">Ostfildern</subfield>
      <subfield code="b">Hatje Cantz</subfield>
      <subfield code="c">2003</subfield>
    </datafield>
    <datafield tag="300" ind1=" " ind2=" ">
      <subfield code="a">102 S.</subfield>
      <subfield code="b">überw. Ill.</subfield>
      <subfield code="c">24 cm</subfield>
    </datafield>
    <datafield tag="336" ind1=" " ind2=" ">
      <subfield code="a">unbewegtes Bild</subfield>
      <subfield code="b">sti</subfield>
      <subfield code="2">rdacontent</subfield>
    </datafield>
    <datafield tag="337" ind1=" " ind2=" ">
      <subfield code="a">ohne Hilfsmittel zu benutzen</subfield>
      <subfield code="b">n</subfield>
      <subfield code="2">rdamedia</subfield>
    </datafield>
    <datafield tag="338" ind1=" " ind2=" ">
      <subfield code="a">Band</subfield>
      <subfield code="b">nc</subfield>
      <subfield code="2">rdacarrier</subfield>
    </datafield>
    <datafield tag="600" ind1="1" ind2="7">
      <subfield code="0">(DE-588)4732732-7</subfield>
      <subfield code="0">https://d-nb.info/gnd/4732732-7</subfield>
      <subfield code="0">(DE-101)967670071</subfield>
      <subfield code="a">Saint Phalle, Niki &#152;de&#156;</subfield>
      <subfield code="d">1930-2002</subfield>
      <subfield code="t">&#152;La&#156; Grotte</subfield>
      <subfield code="9">rswk-swf</subfield>
      <subfield code="2">gnd</subfield>
    </datafield>
    <datafield tag="653" ind1=" " ind2=" ">
      <subfield code="a">(VLB-FS)Saint Phalle, Niki de</subfield>
    </datafield>
    <datafield tag="653" ind1=" " ind2=" ">
      <subfield code="a">(VLB-FS)Bildende Kunst</subfield>
    </datafield>
    <datafield tag="653" ind1=" " ind2=" ">
      <subfield code="a">(VLB-PF)BB: Gebunden</subfield>
    </datafield>
    <datafield tag="655" ind1=" " ind2="7">
      <subfield code="0">(DE-588)4145395-5</subfield>
      <subfield code="0">https://d-nb.info/gnd/4145395-5</subfield>
      <subfield code="0">(DE-101)041453956</subfield>
      <subfield code="a">Bildband</subfield>
      <subfield code="2">gnd-content</subfield>
    </datafield>
    <datafield tag="655" ind1=" " ind2="7">
      <subfield code="a">Bildband</subfield>
      <subfield code="9">rswk-swf</subfield>
      <subfield code="2">gnd</subfield>
    </datafield>
    <datafield tag="689" ind1="0" ind2="0">
      <subfield code="0">(DE-588)4732732-7</subfield>
      <subfield code="0">https://d-nb.info/gnd/4732732-7</subfield>
      <subfield code="0">(DE-101)967670071</subfield>
      <subfield code="D">p</subfield>
      <subfield code="a">Saint Phalle, Niki &#152;de&#156;</subfield>
      <subfield code="d">1930-2002</subfield>
      <subfield code="t">&#152;La&#156; Grotte</subfield>
    </datafield>
    <datafield tag="689" ind1="0" ind2="1">
      <subfield code="A">f</subfield>
      <subfield code="a">Bildband</subfield>
    </datafield>
    <datafield tag="689" ind1="0" ind2=" ">
      <subfield code="5">DE-101</subfield>
      <subfield code="5">DE-101</subfield>
    </datafield>
    <datafield tag="700" ind1="1" ind2=" ">
      <subfield code="0">(DE-588)11879406X</subfield>
      <subfield code="0">https://d-nb.info/gnd/11879406X</subfield>
      <subfield code="0">(DE-101)11879406X</subfield>
      <subfield code="a">Saint Phalle, Niki &#152;de&#156;</subfield>
      <subfield code="d">1930-2002</subfield>
      <subfield code="e">Illustrator</subfield>
      <subfield code="4">ill</subfield>
      <subfield code="2">gnd</subfield>
    </datafield>
    <datafield tag="710" ind1="1" ind2=" ">
      <subfield code="0">(DE-588)10056371-5</subfield>
      <subfield code="0">https://d-nb.info/gnd/10056371-5</subfield>
      <subfield code="0">(DE-101)967642566</subfield>
      <subfield code="a">Hannover</subfield>
      <subfield code="b">Fachbereich Umwelt und Stadtgrün</subfield>
      <subfield code="e">Herausgebendes Organ</subfield>
      <subfield code="4">isb</subfield>
      <subfield code="2">gnd</subfield>
    </datafield>
    <datafield tag="775" ind1="0" ind2="8">
      <subfield code="i">Parallele Sprachausgabe</subfield>
      <subfield code="n">Dt. Ausg.</subfield>
      <subfield code="t">Niki de Saint Phalle</subfield>
      <subfield code="d">Ostfildern : Hatje Cantz, 2003</subfield>
      <subfield code="h">103 S., überw. Ill.</subfield>
      <subfield code="w">(DE-101)965953904</subfield>
    </datafield>
    <datafield tag="850" ind1=" " ind2=" ">
      <subfield code="a">DE-101a</subfield>
      <subfield code="a">DE-101b</subfield>
    </datafield>
    <datafield tag="856" ind1="4" ind2="2">
      <subfield code="m">B:DE-101</subfield>
      <subfield code="q">application/pdf</subfield>
      <subfield code="u">https://d-nb.info/965948730/04</subfield>
      <subfield code="3">Inhaltsverzeichnis</subfield>
    </datafield>
    <datafield tag="925" ind1="r" ind2=" ">
      <subfield code="a">ra</subfield>
    </datafield>
  </record></recordData><recordPosition>222</recordPosition></record>