<record><recordSchema>MARC21-xml</recordSchema><recordPacking>xml</recordPacking><recordData><record xmlns="http://www.loc.gov/MARC21/slim" type="Bibliographic">
    <leader>00000pam a2200000 c 4500</leader>
    <controlfield tag="001">964380153</controlfield>
    <controlfield tag="003">DE-101</controlfield>
    <controlfield tag="005">20171203124252.0</controlfield>
    <controlfield tag="007">tu</controlfield>
    <controlfield tag="008">020507s2002    gw ||||| |||| 00||||ger  </controlfield>
    <datafield tag="015" ind1=" " ind2=" ">
      <subfield code="a">02,A41,1582</subfield>
      <subfield code="z">02,N23,0602</subfield>
      <subfield code="2">dnb</subfield>
    </datafield>
    <datafield tag="016" ind1="7" ind2=" ">
      <subfield code="2">DE-101</subfield>
      <subfield code="a">964380153</subfield>
    </datafield>
    <datafield tag="020" ind1=" " ind2=" ">
      <subfield code="a">9783932187063</subfield>
      <subfield code="q">Schaden</subfield>
      <subfield code="c">Gewebe : ca. EUR 38.00</subfield>
      <subfield code="9">978-3-932187-06-3</subfield>
    </datafield>
    <datafield tag="020" ind1=" " ind2=" ">
      <subfield code="a">3932187067</subfield>
      <subfield code="q">Schaden</subfield>
      <subfield code="c">Gewebe : ca. EUR 38.00</subfield>
      <subfield code="9">3-932187-06-7</subfield>
    </datafield>
    <datafield tag="020" ind1=" " ind2=" ">
      <subfield code="a">9783891691694</subfield>
      <subfield code="q">Sprengel-Museum</subfield>
      <subfield code="c">Gewebe : ca. EUR 25.00</subfield>
      <subfield code="9">978-3-89169-169-4</subfield>
    </datafield>
    <datafield tag="020" ind1=" " ind2=" ">
      <subfield code="a">3891691696</subfield>
      <subfield code="q">Sprengel-Museum</subfield>
      <subfield code="c">Gewebe : ca. EUR 25.00</subfield>
      <subfield code="9">3-89169-169-6</subfield>
    </datafield>
    <datafield tag="035" ind1=" " ind2=" ">
      <subfield code="a">(DE-599)DNB964380153</subfield>
    </datafield>
    <datafield tag="035" ind1=" " ind2=" ">
      <subfield code="a">(OCoLC)231958043</subfield>
    </datafield>
    <datafield tag="040" ind1=" " ind2=" ">
      <subfield code="a">1240</subfield>
      <subfield code="b">ger</subfield>
      <subfield code="c">DE-101</subfield>
      <subfield code="d">9999</subfield>
    </datafield>
    <datafield tag="041" ind1=" " ind2=" ">
      <subfield code="a">ger</subfield>
    </datafield>
    <datafield tag="043" ind1=" " ind2=" ">
      <subfield code="c">XA-DE</subfield>
    </datafield>
    <datafield tag="044" ind1=" " ind2=" ">
      <subfield code="c">XA-DE</subfield>
    </datafield>
    <datafield tag="084" ind1=" " ind2=" ">
      <subfield code="a">47</subfield>
      <subfield code="a">770</subfield>
      <subfield code="q">DE-101</subfield>
      <subfield code="2">sdnb</subfield>
    </datafield>
    <datafield tag="084" ind1=" " ind2=" ">
      <subfield code="a">13.5p</subfield>
      <subfield code="a">13.5</subfield>
      <subfield code="a">32.1a</subfield>
      <subfield code="q">DE-101</subfield>
      <subfield code="2">sswd</subfield>
    </datafield>
    <datafield tag="090" ind1=" " ind2=" ">
      <subfield code="a">b</subfield>
    </datafield>
    <datafield tag="100" ind1="1" ind2=" ">
      <subfield code="0">(DE-588)118600656</subfield>
      <subfield code="0">https://d-nb.info/gnd/118600656</subfield>
      <subfield code="0">(DE-101)118600656</subfield>
      <subfield code="a">Riebesehl, Heinrich</subfield>
      <subfield code="d">1938-2010</subfield>
      <subfield code="e">Verfasser</subfield>
      <subfield code="4">aut</subfield>
      <subfield code="2">gnd</subfield>
    </datafield>
    <datafield tag="245" ind1="1" ind2="0">
      <subfield code="a">Agrarlandschaften</subfield>
      <subfield code="c">Heinrich Riebesehl. Mit Texten von Peter Sager und Ulrike Schneider. [Sprengel-Museum Hannover]</subfield>
    </datafield>
    <datafield tag="250" ind1=" " ind2=" ">
      <subfield code="a">Erw. und veränd. Neuaufl.</subfield>
    </datafield>
    <datafield tag="264" ind1=" " ind2="1">
      <subfield code="a">Köln</subfield>
      <subfield code="b">Schaden</subfield>
      <subfield code="c">2002</subfield>
    </datafield>
    <datafield tag="300" ind1=" " ind2=" ">
      <subfield code="a">107 S.</subfield>
      <subfield code="b">überw. Ill.</subfield>
      <subfield code="c">20 x 29 cm</subfield>
    </datafield>
    <datafield tag="336" ind1=" " ind2=" ">
      <subfield code="a">unbewegtes Bild</subfield>
      <subfield code="b">sti</subfield>
      <subfield code="2">rdacontent</subfield>
    </datafield>
    <datafield tag="337" ind1=" " ind2=" ">
      <subfield code="a">ohne Hilfsmittel zu benutzen</subfield>
      <subfield code="b">n</subfield>
      <subfield code="2">rdamedia</subfield>
    </datafield>
    <datafield tag="338" ind1=" " ind2=" ">
      <subfield code="a">Band</subfield>
      <subfield code="b">nc</subfield>
      <subfield code="2">rdacarrier</subfield>
    </datafield>
    <datafield tag="600" ind1="1" ind2="7">
      <subfield code="0">(DE-588)118600656</subfield>
      <subfield code="0">https://d-nb.info/gnd/118600656</subfield>
      <subfield code="0">(DE-101)118600656</subfield>
      <subfield code="a">Riebesehl, Heinrich</subfield>
      <subfield code="d">1938-2010</subfield>
      <subfield code="9">rswk-swf</subfield>
      <subfield code="2">gnd</subfield>
    </datafield>
    <datafield tag="648" ind1=" " ind2="7">
      <subfield code="a">Geschichte 1976-1979</subfield>
      <subfield code="9">rswk-swf</subfield>
      <subfield code="2">gnd</subfield>
    </datafield>
    <datafield tag="650" ind1=" " ind2="7">
      <subfield code="0">(DE-588)4132170-4</subfield>
      <subfield code="0">https://d-nb.info/gnd/4132170-4</subfield>
      <subfield code="0">(DE-101)041321707</subfield>
      <subfield code="a">Landschaftsfotografie</subfield>
      <subfield code="9">rswk-swf</subfield>
      <subfield code="2">gnd</subfield>
    </datafield>
    <datafield tag="650" ind1=" " ind2="7">
      <subfield code="0">(DE-588)4000766-2</subfield>
      <subfield code="0">https://d-nb.info/gnd/4000766-2</subfield>
      <subfield code="0">(DE-101)040007669</subfield>
      <subfield code="a">Agrarlandschaft</subfield>
      <subfield code="9">rswk-swf</subfield>
      <subfield code="2">gnd</subfield>
    </datafield>
    <datafield tag="651" ind1=" " ind2="7">
      <subfield code="0">(DE-588)4075454-6</subfield>
      <subfield code="0">https://d-nb.info/gnd/4075454-6</subfield>
      <subfield code="0">(DE-101)040754545</subfield>
      <subfield code="a">Norddeutschland</subfield>
      <subfield code="9">rswk-swf</subfield>
      <subfield code="2">gnd</subfield>
    </datafield>
    <datafield tag="655" ind1=" " ind2="7">
      <subfield code="0">(DE-588)4145395-5</subfield>
      <subfield code="0">https://d-nb.info/gnd/4145395-5</subfield>
      <subfield code="0">(DE-101)041453956</subfield>
      <subfield code="a">Bildband</subfield>
      <subfield code="2">gnd-content</subfield>
    </datafield>
    <datafield tag="655" ind1=" " ind2="7">
      <subfield code="a">Bildband</subfield>
      <subfield code="9">rswk-swf</subfield>
      <subfield code="2">gnd</subfield>
    </datafield>
    <datafield tag="689" ind1="0" ind2="0">
      <subfield code="0">(DE-588)118600656</subfield>
      <subfield code="0">https://d-nb.info/gnd/118600656</subfield>
      <subfield code="0">(DE-101)118600656</subfield>
      <subfield code="D">p</subfield>
      <subfield code="a">Riebesehl, Heinrich</subfield>
      <subfield code="d">1938-2010</subfield>
    </datafield>
    <datafield tag="689" ind1="0" ind2="1">
      <subfield code="0">(DE-588)4132170-4</subfield>
      <subfield code="0">https://d-nb.info/gnd/4132170-4</subfield>
      <subfield code="0">(DE-101)041321707</subfield>
      <subfield code="D">s</subfield>
      <subfield code="a">Landschaftsfotografie</subfield>
    </datafield>
    <datafield tag="689" ind1="0" ind2="2">
      <subfield code="0">(DE-588)4075454-6</subfield>
      <subfield code="0">https://d-nb.info/gnd/4075454-6</subfield>
      <subfield code="0">(DE-101)040754545</subfield>
      <subfield code="D">g</subfield>
      <subfield code="a">Norddeutschland</subfield>
    </datafield>
    <datafield tag="689" ind1="0" ind2="3">
      <subfield code="0">(DE-588)4000766-2</subfield>
      <subfield code="0">https://d-nb.info/gnd/4000766-2</subfield>
      <subfield code="0">(DE-101)040007669</subfield>
      <subfield code="D">s</subfield>
      <subfield code="a">Agrarlandschaft</subfield>
    </datafield>
    <datafield tag="689" ind1="0" ind2="4">
      <subfield code="A">z</subfield>
      <subfield code="a">Geschichte 1976-1979</subfield>
    </datafield>
    <datafield tag="689" ind1="0" ind2="5">
      <subfield code="A">f</subfield>
      <subfield code="a">Bildband</subfield>
    </datafield>
    <datafield tag="689" ind1="0" ind2=" ">
      <subfield code="5">DE-101</subfield>
      <subfield code="5">DE-101</subfield>
    </datafield>
    <datafield tag="700" ind1="1" ind2=" ">
      <subfield code="0">(DE-588)121756386</subfield>
      <subfield code="0">https://d-nb.info/gnd/121756386</subfield>
      <subfield code="0">(DE-101)121756386</subfield>
      <subfield code="a">Sager, Peter</subfield>
      <subfield code="d">1945-</subfield>
      <subfield code="e">Mitwirkender</subfield>
      <subfield code="4">ctb</subfield>
      <subfield code="2">gnd</subfield>
    </datafield>
    <datafield tag="850" ind1=" " ind2=" ">
      <subfield code="a">DE-101a</subfield>
      <subfield code="a">DE-101b</subfield>
    </datafield>
    <datafield tag="925" ind1="r" ind2=" ">
      <subfield code="a">ra</subfield>
    </datafield>
  </record></recordData><recordPosition>233</recordPosition></record>