<record><recordSchema>MARC21-xml</recordSchema><recordPacking>xml</recordPacking><recordData><record xmlns="http://www.loc.gov/MARC21/slim" type="Bibliographic">
    <leader>00000nam a2200000 c 4500</leader>
    <controlfield tag="001">964555476</controlfield>
    <controlfield tag="003">DE-101</controlfield>
    <controlfield tag="005">20240603191448.0</controlfield>
    <controlfield tag="007">tu</controlfield>
    <controlfield tag="008">020605s2000    gw ||||| |||| 10||||ger  </controlfield>
    <datafield tag="015" ind1=" " ind2=" ">
      <subfield code="a">02,B34,0515</subfield>
      <subfield code="2">dnb</subfield>
    </datafield>
    <datafield tag="016" ind1="7" ind2=" ">
      <subfield code="2">DE-101</subfield>
      <subfield code="a">964555476</subfield>
    </datafield>
    <datafield tag="020" ind1=" " ind2=" ">
      <subfield code="a">9783891691502</subfield>
      <subfield code="c">Pp..</subfield>
      <subfield code="9">978-3-89169-150-2</subfield>
    </datafield>
    <datafield tag="020" ind1=" " ind2=" ">
      <subfield code="a">3891691505</subfield>
      <subfield code="c">Pp..</subfield>
      <subfield code="9">3-89169-150-5</subfield>
    </datafield>
    <datafield tag="035" ind1=" " ind2=" ">
      <subfield code="a">(DE-599)DNB964555476</subfield>
    </datafield>
    <datafield tag="035" ind1=" " ind2=" ">
      <subfield code="a">(OCoLC)237572713</subfield>
    </datafield>
    <datafield tag="040" ind1=" " ind2=" ">
      <subfield code="a">1240</subfield>
      <subfield code="b">ger</subfield>
      <subfield code="c">DE-101</subfield>
      <subfield code="d">0292</subfield>
    </datafield>
    <datafield tag="041" ind1=" " ind2=" ">
      <subfield code="a">ger</subfield>
    </datafield>
    <datafield tag="043" ind1=" " ind2=" ">
      <subfield code="c">XA-DE</subfield>
      <subfield code="c">XA-FR</subfield>
      <subfield code="c">XD-US</subfield>
      <subfield code="c">XD-US</subfield>
      <subfield code="c">XA-DE</subfield>
      <subfield code="c">XA-DE</subfield>
      <subfield code="c">XA-DE</subfield>
    </datafield>
    <datafield tag="044" ind1=" " ind2=" ">
      <subfield code="c">XA-DE</subfield>
    </datafield>
    <datafield tag="084" ind1=" " ind2=" ">
      <subfield code="a">46</subfield>
      <subfield code="a">700</subfield>
      <subfield code="a">730</subfield>
      <subfield code="a">740</subfield>
      <subfield code="a">750</subfield>
      <subfield code="a">760</subfield>
      <subfield code="q">DE-101</subfield>
      <subfield code="2">sdnb</subfield>
    </datafield>
    <datafield tag="084" ind1=" " ind2=" ">
      <subfield code="a">13.4p</subfield>
      <subfield code="a">13.4p</subfield>
      <subfield code="a">13.4p</subfield>
      <subfield code="a">13.7p</subfield>
      <subfield code="a">13.4p</subfield>
      <subfield code="q">DE-101</subfield>
      <subfield code="2">sswd</subfield>
    </datafield>
    <datafield tag="090" ind1=" " ind2=" ">
      <subfield code="a">b</subfield>
    </datafield>
    <datafield tag="245" ind1="0" ind2="0">
      <subfield code="a">Begegnungen: Max Ernst - Carl Wilhelm Kolbe d. Ä., Lyonel Feininger, Dieter Roth</subfield>
      <subfield code="b">[anläßlich der Ausstellung "Begegnungen: Max Ernst - Carl Wilhelm Kolbe d. Ä., Lyonel Feininger, Dieter Roth", Lyonel-Feininger-Galerie, Quedlinburg (Max Ernst und Lyonel Feininger), 28.11.1999 - 12.3.2000 ; Galerie am Grauen Haus und Floratempel im Wörlitzer Park (Max Ernst und Carl Wilhelm Kolbe d. Ä.), 15.4. - 12.6.2000 ; Sprengel-Museum, Hannover (Max Ernst und Dieter Roth), 8.11.2000 - 28.1.2001]</subfield>
      <subfield code="c">[hrsg. im Auftr. der Niedersächsischen Sparkassenstiftung vom Sprengel-Museum, Hannover, durch Ursula Bode. Mit Aufsätzen von Ursula Bode ...]</subfield>
    </datafield>
    <datafield tag="264" ind1=" " ind2="1">
      <subfield code="a">Hannover</subfield>
      <subfield code="b">Sprengel-Museum</subfield>
      <subfield code="c">2000</subfield>
    </datafield>
    <datafield tag="300" ind1=" " ind2=" ">
      <subfield code="a">167 S.</subfield>
      <subfield code="b">Ill.</subfield>
      <subfield code="c">27 cm</subfield>
    </datafield>
    <datafield tag="336" ind1=" " ind2=" ">
      <subfield code="a">Text</subfield>
      <subfield code="b">txt</subfield>
      <subfield code="2">rdacontent</subfield>
    </datafield>
    <datafield tag="337" ind1=" " ind2=" ">
      <subfield code="a">ohne Hilfsmittel zu benutzen</subfield>
      <subfield code="b">n</subfield>
      <subfield code="2">rdamedia</subfield>
    </datafield>
    <datafield tag="338" ind1=" " ind2=" ">
      <subfield code="a">Band</subfield>
      <subfield code="b">nc</subfield>
      <subfield code="2">rdacarrier</subfield>
    </datafield>
    <datafield tag="600" ind1="1" ind2="7">
      <subfield code="0">(DE-588)118530895</subfield>
      <subfield code="0">https://d-nb.info/gnd/118530895</subfield>
      <subfield code="0">(DE-101)118530895</subfield>
      <subfield code="a">Ernst, Max</subfield>
      <subfield code="d">1891-1976</subfield>
      <subfield code="9">rswk-swf</subfield>
      <subfield code="2">gnd</subfield>
    </datafield>
    <datafield tag="600" ind1="1" ind2="7">
      <subfield code="0">(DE-588)118532308</subfield>
      <subfield code="0">https://d-nb.info/gnd/118532308</subfield>
      <subfield code="0">(DE-101)118532308</subfield>
      <subfield code="a">Feininger, Lyonel</subfield>
      <subfield code="d">1871-1956</subfield>
      <subfield code="9">rswk-swf</subfield>
      <subfield code="2">gnd</subfield>
    </datafield>
    <datafield tag="600" ind1="1" ind2="7">
      <subfield code="0">(DE-588)118603086</subfield>
      <subfield code="0">https://d-nb.info/gnd/118603086</subfield>
      <subfield code="0">(DE-101)118603086</subfield>
      <subfield code="a">Roth, Dieter</subfield>
      <subfield code="d">1930-1998</subfield>
      <subfield code="9">rswk-swf</subfield>
      <subfield code="2">gnd</subfield>
    </datafield>
    <datafield tag="600" ind1="1" ind2="7">
      <subfield code="0">(DE-588)118564781</subfield>
      <subfield code="0">https://d-nb.info/gnd/118564781</subfield>
      <subfield code="0">(DE-101)118564781</subfield>
      <subfield code="a">Kolbe, Carl Wilhelm</subfield>
      <subfield code="c">der Ältere</subfield>
      <subfield code="d">1757-1835</subfield>
      <subfield code="9">rswk-swf</subfield>
      <subfield code="2">gnd</subfield>
    </datafield>
    <datafield tag="655" ind1=" " ind2="7">
      <subfield code="0">(DE-588)4135467-9</subfield>
      <subfield code="0">https://d-nb.info/gnd/4135467-9</subfield>
      <subfield code="0">(DE-101)041354672</subfield>
      <subfield code="a">Ausstellungskatalog</subfield>
      <subfield code="y">1999</subfield>
      <subfield code="z">Quedlinburg</subfield>
      <subfield code="2">gnd-content</subfield>
    </datafield>
    <datafield tag="655" ind1=" " ind2="7">
      <subfield code="0">(DE-588)1071861417</subfield>
      <subfield code="0">https://d-nb.info/gnd/1071861417</subfield>
      <subfield code="0">(DE-101)1071861417</subfield>
      <subfield code="a">Konferenzschrift</subfield>
      <subfield code="2">gnd-content</subfield>
    </datafield>
    <datafield tag="655" ind1=" " ind2="7">
      <subfield code="a">Ausstellung</subfield>
      <subfield code="z">Quedlinburg &lt;1999></subfield>
      <subfield code="9">rswk-swf</subfield>
      <subfield code="2">gnd</subfield>
    </datafield>
    <datafield tag="655" ind1=" " ind2="7">
      <subfield code="a">Ausstellung</subfield>
      <subfield code="z">Quedlinburg &lt;1999></subfield>
      <subfield code="9">rswk-swf</subfield>
      <subfield code="2">gnd</subfield>
    </datafield>
    <datafield tag="655" ind1=" " ind2="7">
      <subfield code="a">Ausstellung</subfield>
      <subfield code="z">Hannover &lt;2000></subfield>
      <subfield code="9">rswk-swf</subfield>
      <subfield code="2">gnd</subfield>
    </datafield>
    <datafield tag="655" ind1=" " ind2="7">
      <subfield code="a">Ausstellung</subfield>
      <subfield code="z">Wörlitz &lt;2000></subfield>
      <subfield code="9">rswk-swf</subfield>
      <subfield code="2">gnd</subfield>
    </datafield>
    <datafield tag="689" ind1="0" ind2="0">
      <subfield code="0">(DE-588)118530895</subfield>
      <subfield code="0">https://d-nb.info/gnd/118530895</subfield>
      <subfield code="0">(DE-101)118530895</subfield>
      <subfield code="D">p</subfield>
      <subfield code="a">Ernst, Max</subfield>
      <subfield code="d">1891-1976</subfield>
    </datafield>
    <datafield tag="689" ind1="0" ind2="1">
      <subfield code="A">f</subfield>
      <subfield code="a">Ausstellung</subfield>
    </datafield>
    <datafield tag="689" ind1="0" ind2="2">
      <subfield code="A">g</subfield>
      <subfield code="a">Quedlinburg &lt;1999></subfield>
    </datafield>
    <datafield tag="689" ind1="0" ind2=" ">
      <subfield code="5">DE-101</subfield>
      <subfield code="5">DE-101</subfield>
    </datafield>
    <datafield tag="689" ind1="1" ind2="0">
      <subfield code="0">(DE-588)118532308</subfield>
      <subfield code="0">https://d-nb.info/gnd/118532308</subfield>
      <subfield code="0">(DE-101)118532308</subfield>
      <subfield code="D">p</subfield>
      <subfield code="a">Feininger, Lyonel</subfield>
      <subfield code="d">1871-1956</subfield>
    </datafield>
    <datafield tag="689" ind1="1" ind2="1">
      <subfield code="A">f</subfield>
      <subfield code="a">Ausstellung</subfield>
    </datafield>
    <datafield tag="689" ind1="1" ind2="2">
      <subfield code="A">g</subfield>
      <subfield code="a">Quedlinburg &lt;1999></subfield>
    </datafield>
    <datafield tag="689" ind1="1" ind2=" ">
      <subfield code="5">DE-101</subfield>
      <subfield code="5">DE-101</subfield>
    </datafield>
    <datafield tag="689" ind1="2" ind2="0">
      <subfield code="0">(DE-588)118603086</subfield>
      <subfield code="0">https://d-nb.info/gnd/118603086</subfield>
      <subfield code="0">(DE-101)118603086</subfield>
      <subfield code="D">p</subfield>
      <subfield code="a">Roth, Dieter</subfield>
      <subfield code="d">1930-1998</subfield>
    </datafield>
    <datafield tag="689" ind1="2" ind2="1">
      <subfield code="A">f</subfield>
      <subfield code="a">Ausstellung</subfield>
    </datafield>
    <datafield tag="689" ind1="2" ind2="2">
      <subfield code="A">g</subfield>
      <subfield code="a">Hannover &lt;2000></subfield>
    </datafield>
    <datafield tag="689" ind1="2" ind2=" ">
      <subfield code="5">DE-101</subfield>
      <subfield code="5">DE-101</subfield>
    </datafield>
    <datafield tag="689" ind1="3" ind2="0">
      <subfield code="0">(DE-588)118564781</subfield>
      <subfield code="0">https://d-nb.info/gnd/118564781</subfield>
      <subfield code="0">(DE-101)118564781</subfield>
      <subfield code="D">p</subfield>
      <subfield code="a">Kolbe, Carl Wilhelm</subfield>
      <subfield code="c">der Ältere</subfield>
      <subfield code="d">1757-1835</subfield>
    </datafield>
    <datafield tag="689" ind1="3" ind2="1">
      <subfield code="A">f</subfield>
      <subfield code="a">Ausstellung</subfield>
    </datafield>
    <datafield tag="689" ind1="3" ind2="2">
      <subfield code="A">g</subfield>
      <subfield code="a">Wörlitz &lt;2000></subfield>
    </datafield>
    <datafield tag="689" ind1="3" ind2=" ">
      <subfield code="5">DE-101</subfield>
      <subfield code="5">DE-101</subfield>
    </datafield>
    <datafield tag="700" ind1="1" ind2=" ">
      <subfield code="0">(DE-588)118530895</subfield>
      <subfield code="0">https://d-nb.info/gnd/118530895</subfield>
      <subfield code="0">(DE-101)118530895</subfield>
      <subfield code="a">Ernst, Max</subfield>
      <subfield code="d">1891-1976</subfield>
      <subfield code="e">Illustrator</subfield>
      <subfield code="4">ill</subfield>
      <subfield code="2">gnd</subfield>
    </datafield>
    <datafield tag="700" ind1="1" ind2=" ">
      <subfield code="0">(DE-588)1056484586</subfield>
      <subfield code="0">https://d-nb.info/gnd/1056484586</subfield>
      <subfield code="0">(DE-101)1056484586</subfield>
      <subfield code="a">Bode, Ursula</subfield>
      <subfield code="d">1942-</subfield>
      <subfield code="e">Herausgeber</subfield>
      <subfield code="4">edt</subfield>
      <subfield code="2">gnd</subfield>
    </datafield>
    <datafield tag="710" ind1="2" ind2=" ">
      <subfield code="0">(DE-588)2088371-7</subfield>
      <subfield code="0">https://d-nb.info/gnd/2088371-7</subfield>
      <subfield code="0">(DE-101)007374208</subfield>
      <subfield code="a">Lyonel-Feininger-Galerie</subfield>
      <subfield code="e">Herausgebendes Organ</subfield>
      <subfield code="4">isb</subfield>
      <subfield code="2">gnd</subfield>
    </datafield>
    <datafield tag="711" ind1="2" ind2=" ">
      <subfield code="0">(DE-588)10039144-8</subfield>
      <subfield code="0">https://d-nb.info/gnd/10039144-8</subfield>
      <subfield code="0">(DE-101)964555255</subfield>
      <subfield code="a">Ausstellung Begegnungen: Max Ernst - Carl Wilhelm Kolbe d. Ä., Lyonel Feininger, Dieter Roth</subfield>
      <subfield code="d">1999 - 2001</subfield>
      <subfield code="c">Quedlinburg u.a.</subfield>
      <subfield code="j">Herausgebendes Organ</subfield>
      <subfield code="4">isb</subfield>
      <subfield code="2">gnd</subfield>
    </datafield>
    <datafield tag="850" ind1=" " ind2=" ">
      <subfield code="a">DE-101a</subfield>
      <subfield code="a">DE-101b</subfield>
    </datafield>
    <datafield tag="856" ind1="4" ind2="2">
      <subfield code="m">B:DE-101</subfield>
      <subfield code="q">application/pdf</subfield>
      <subfield code="u">https://d-nb.info/964555476/04</subfield>
      <subfield code="3">Inhaltsverzeichnis</subfield>
    </datafield>
    <datafield tag="925" ind1="r" ind2=" ">
      <subfield code="a">rb</subfield>
    </datafield>
  </record></recordData><recordPosition>257</recordPosition></record>