<record><recordSchema>MARC21-xml</recordSchema><recordPacking>xml</recordPacking><recordData><record xmlns="http://www.loc.gov/MARC21/slim" type="Bibliographic">
    <leader>00000pam a2200000 c 4500</leader>
    <controlfield tag="001">957453655</controlfield>
    <controlfield tag="003">DE-101</controlfield>
    <controlfield tag="005">20171203074535.0</controlfield>
    <controlfield tag="007">tu</controlfield>
    <controlfield tag="008">990914s2000    gw ||||| |||| 00||||ger  </controlfield>
    <datafield tag="015" ind1=" " ind2=" ">
      <subfield code="a">01,A01,0011</subfield>
      <subfield code="z">99,N41,0365</subfield>
      <subfield code="2">dnb</subfield>
    </datafield>
    <datafield tag="016" ind1="7" ind2=" ">
      <subfield code="2">DE-101</subfield>
      <subfield code="a">957453655</subfield>
    </datafield>
    <datafield tag="020" ind1=" " ind2=" ">
      <subfield code="a">9783772820014</subfield>
      <subfield code="c">kart.</subfield>
      <subfield code="9">978-3-7728-2001-4</subfield>
    </datafield>
    <datafield tag="020" ind1=" " ind2=" ">
      <subfield code="a">3772820018</subfield>
      <subfield code="c">kart.</subfield>
      <subfield code="9">3-7728-2001-8</subfield>
    </datafield>
    <datafield tag="035" ind1=" " ind2=" ">
      <subfield code="a">(DE-599)DNB957453655</subfield>
    </datafield>
    <datafield tag="035" ind1=" " ind2=" ">
      <subfield code="a">(OCoLC)260092415</subfield>
    </datafield>
    <datafield tag="040" ind1=" " ind2=" ">
      <subfield code="a">1240</subfield>
      <subfield code="b">ger</subfield>
      <subfield code="c">DE-101</subfield>
      <subfield code="d">9999</subfield>
    </datafield>
    <datafield tag="041" ind1=" " ind2=" ">
      <subfield code="a">ger</subfield>
    </datafield>
    <datafield tag="044" ind1=" " ind2=" ">
      <subfield code="c">XA-DE</subfield>
    </datafield>
    <datafield tag="084" ind1=" " ind2=" ">
      <subfield code="a">01</subfield>
      <subfield code="a">28</subfield>
      <subfield code="a">000</subfield>
      <subfield code="a">050</subfield>
      <subfield code="a">060</subfield>
      <subfield code="a">080</subfield>
      <subfield code="a">700</subfield>
      <subfield code="q">DE-101</subfield>
      <subfield code="2">sdnb</subfield>
    </datafield>
    <datafield tag="084" ind1=" " ind2=" ">
      <subfield code="a">6.1a</subfield>
      <subfield code="a">30</subfield>
      <subfield code="q">DE-101</subfield>
      <subfield code="2">sswd</subfield>
    </datafield>
    <datafield tag="090" ind1=" " ind2=" ">
      <subfield code="a">b</subfield>
    </datafield>
    <datafield tag="245" ind1="0" ind2="0">
      <subfield code="a">Metamorphosen</subfield>
      <subfield code="b">Gedächtnismedien im Computerzeitalter</subfield>
      <subfield code="c">hrsg. von Götz-Lothar Darsow. In Zusammenarbeit mit dem Sprengel-Museum Hannover</subfield>
    </datafield>
    <datafield tag="264" ind1=" " ind2="1">
      <subfield code="a">Stuttgart- Bad Cannstatt</subfield>
      <subfield code="b">Frommann-Holzboog</subfield>
      <subfield code="c">2000</subfield>
    </datafield>
    <datafield tag="300" ind1=" " ind2=" ">
      <subfield code="a">250 S.</subfield>
      <subfield code="b">Ill.</subfield>
      <subfield code="c">25 cm</subfield>
    </datafield>
    <datafield tag="336" ind1=" " ind2=" ">
      <subfield code="a">Text</subfield>
      <subfield code="b">txt</subfield>
      <subfield code="2">rdacontent</subfield>
    </datafield>
    <datafield tag="337" ind1=" " ind2=" ">
      <subfield code="a">ohne Hilfsmittel zu benutzen</subfield>
      <subfield code="b">n</subfield>
      <subfield code="2">rdamedia</subfield>
    </datafield>
    <datafield tag="338" ind1=" " ind2=" ">
      <subfield code="a">Band</subfield>
      <subfield code="b">nc</subfield>
      <subfield code="2">rdacarrier</subfield>
    </datafield>
    <datafield tag="490" ind1="1" ind2=" ">
      <subfield code="a">Frommann-Holzboog: Ästhetik</subfield>
      <subfield code="v">1</subfield>
    </datafield>
    <datafield tag="500" ind1=" " ind2=" ">
      <subfield code="a">Literaturangaben</subfield>
    </datafield>
    <datafield tag="650" ind1=" " ind2="7">
      <subfield code="0">(DE-588)4033422-3</subfield>
      <subfield code="0">https://d-nb.info/gnd/4033422-3</subfield>
      <subfield code="0">(DE-101)040334228</subfield>
      <subfield code="a">Künste</subfield>
      <subfield code="9">rswk-swf</subfield>
      <subfield code="2">gnd</subfield>
    </datafield>
    <datafield tag="650" ind1=" " ind2="7">
      <subfield code="0">(DE-588)4019614-8</subfield>
      <subfield code="0">https://d-nb.info/gnd/4019614-8</subfield>
      <subfield code="0">(DE-101)040196143</subfield>
      <subfield code="a">Gedächtnis</subfield>
      <subfield code="9">rswk-swf</subfield>
      <subfield code="2">gnd</subfield>
    </datafield>
    <datafield tag="650" ind1=" " ind2="7">
      <subfield code="0">(DE-588)4196910-8</subfield>
      <subfield code="0">https://d-nb.info/gnd/4196910-8</subfield>
      <subfield code="0">(DE-101)041969103</subfield>
      <subfield code="a">Neue Medien</subfield>
      <subfield code="9">rswk-swf</subfield>
      <subfield code="2">gnd</subfield>
    </datafield>
    <datafield tag="655" ind1=" " ind2="7">
      <subfield code="0">(DE-588)1071861417</subfield>
      <subfield code="0">https://d-nb.info/gnd/1071861417</subfield>
      <subfield code="0">(DE-101)1071861417</subfield>
      <subfield code="a">Konferenzschrift</subfield>
      <subfield code="y">1997</subfield>
      <subfield code="z">Hannover</subfield>
      <subfield code="2">gnd-content</subfield>
    </datafield>
    <datafield tag="655" ind1=" " ind2="7">
      <subfield code="a">Kongress</subfield>
      <subfield code="z">Hannover &lt;1997></subfield>
      <subfield code="9">rswk-swf</subfield>
      <subfield code="2">gnd</subfield>
    </datafield>
    <datafield tag="689" ind1="0" ind2="0">
      <subfield code="0">(DE-588)4033422-3</subfield>
      <subfield code="0">https://d-nb.info/gnd/4033422-3</subfield>
      <subfield code="0">(DE-101)040334228</subfield>
      <subfield code="D">s</subfield>
      <subfield code="a">Künste</subfield>
    </datafield>
    <datafield tag="689" ind1="0" ind2="1">
      <subfield code="0">(DE-588)4019614-8</subfield>
      <subfield code="0">https://d-nb.info/gnd/4019614-8</subfield>
      <subfield code="0">(DE-101)040196143</subfield>
      <subfield code="D">s</subfield>
      <subfield code="a">Gedächtnis</subfield>
    </datafield>
    <datafield tag="689" ind1="0" ind2="2">
      <subfield code="0">(DE-588)4196910-8</subfield>
      <subfield code="0">https://d-nb.info/gnd/4196910-8</subfield>
      <subfield code="0">(DE-101)041969103</subfield>
      <subfield code="D">s</subfield>
      <subfield code="a">Neue Medien</subfield>
    </datafield>
    <datafield tag="689" ind1="0" ind2="3">
      <subfield code="A">f</subfield>
      <subfield code="a">Kongress</subfield>
    </datafield>
    <datafield tag="689" ind1="0" ind2="4">
      <subfield code="A">g</subfield>
      <subfield code="a">Hannover &lt;1997></subfield>
    </datafield>
    <datafield tag="689" ind1="0" ind2=" ">
      <subfield code="5">DE-101</subfield>
      <subfield code="5">DE-101</subfield>
    </datafield>
    <datafield tag="700" ind1="1" ind2=" ">
      <subfield code="0">(DE-588)121945855</subfield>
      <subfield code="0">https://d-nb.info/gnd/121945855</subfield>
      <subfield code="0">(DE-101)121945855</subfield>
      <subfield code="a">Darsow, Götz-Lothar</subfield>
      <subfield code="e">Herausgeber</subfield>
      <subfield code="4">edt</subfield>
      <subfield code="2">gnd</subfield>
    </datafield>
    <datafield tag="830" ind1=" " ind2="0">
      <subfield code="a">Frommann-Holzboog: Ästhetik</subfield>
      <subfield code="v">1</subfield>
      <subfield code="w">(DE-101)020376898</subfield>
      <subfield code="w">(DE-600)2012063-1</subfield>
      <subfield code="9">11</subfield>
      <subfield code="7">as</subfield>
    </datafield>
    <datafield tag="850" ind1=" " ind2=" ">
      <subfield code="a">DE-101a</subfield>
      <subfield code="a">DE-101b</subfield>
    </datafield>
    <datafield tag="856" ind1="4" ind2="2">
      <subfield code="m">V:AT-OBV</subfield>
      <subfield code="q">application/pdf</subfield>
      <subfield code="u">https://d-nb.info/957453655/04</subfield>
      <subfield code="3">Inhaltsverzeichnis</subfield>
    </datafield>
    <datafield tag="925" ind1="r" ind2=" ">
      <subfield code="a">ra</subfield>
    </datafield>
  </record></recordData><recordPosition>271</recordPosition></record>